@Article{Milk2016,
  author    = {Milk, Ren{\'{e}} and Rave, Stephan and Schindler, Felix},
  title     = {pyMOR -- Generic Algorithms and Interfaces for Model Order Reduction},
  doi       = {10.1137/15m1026614},
  issn      = {1095-7197},
  number    = {5},
  pages     = {S194--S216},
  volume    = {38},
  journal   = {SIAM Journal on Scientific Computing},
  publisher = {Society for Industrial & Applied Mathematics (SIAM)},
  year      = {2016},
}

@Article{GardnerEtAl2022,
  author    = {Gardner, David J. and Reynolds, Daniel R. and Woodward, Carol S. and Balos, Cody J.},
  title     = {Enabling New Flexibility in the {SUNDIALS} Suite of Nonlinear and Differential/Algebraic Equation Solvers},
  doi       = {10.1145/3539801},
  issn      = {1557-7295},
  number    = {3},
  pages     = {1--24},
  volume    = {48},
  journal   = {ACM Transactions on Mathematical Software},
  publisher = {Association for Computing Machinery (ACM)},
  year      = {2022},
}

@Article{Chourdakis2022,
  author    = {Chourdakis, Gerasimos and Davis, Kyle and Rodenberg, Benjamin and Schulte, Miriam and Simonis, Fr{\'{e}}d{\'{e}}ric and Uekermann, Benjamin and Abrams, Georg and Bungartz, Hans-Joachim and Cheung Yau, Lucia and Desai, Ishaan and Eder, Konrad and Hertrich, Richard and Lindner, Florian and Rusch, Alexander and Sashko, Dmytro and Schneider, David and Totounferoush, Amin and Volland, Dominik and Vollmer, Peter and Koseomur, Oguz Ziya},
  title     = {preCICE v2: A sustainable and user-friendly coupling library},
  doi       = {10.12688/openreseurope.14445.2},
  issn      = {2732-5121},
  pages     = {51},
  volume    = {2},
  journal   = {Open Research Europe},
  publisher = {F1000 Research Ltd},
  year      = {2022},
}

@Article{RackauckasNie2017,
  author    = {Rackauckas, Christopher and Nie, Qing},
  title     = {{DifferentialEquations.jl}--a performant and feature-rich ecosystem for solving differential equations in {Julia}},
  doi       = {10.5334/jors.151},
  number    = {1},
  pages     = {15},
  volume    = {5},
  file      = {:/home/dima/pCloudDrive/Documents/References/papers/2017/RackauckasNie2017 - DifferentialEquations.jl a Performant and Feature Rich Ecosystem for Solving Differential Equations in Julia.pdf:PDF},
  journal   = {Journal of Open Research Software},
  keywords  = {numerics,software,julia,ode},
  publisher = {Ubiquity Press},
  year      = {2017},
}

@Article{VirtanenEtAl2020,
  author    = {Virtanen, Pauli and Gommers, Ralf and Oliphant, Travis E. and Haberland, Matt and Reddy, Tyler and Cournapeau, David and Burovski, Evgeni and Peterson, Pearu and Weckesser, Warren and Bright, Jonathan and van der Walt, St{\'{e}}fan J. and Brett, Matthew and Wilson, Joshua and Millman, K. Jarrod and Mayorov, Nikolay and Nelson, Andrew R. J. and Jones, Eric and Kern, Robert and Larson, Eric and Carey, C J and Polat, {{\.{I}}}lhan and Feng, Yu and Moore, Eric W. and VanderPlas, Jake and Laxalde, Denis and Perktold, Josef and Cimrman, Robert and Henriksen, Ian and Quintero, E. A. and Harris, Charles R. and Archibald, Anne M. and Ribeiro, Ant{\^{o}}nio H. and Pedregosa, Fabian and van Mulbregt, Paul and Vijaykumar, Aditya and Bardelli, Alessandro Pietro and Rothberg, Alex and Hilboll, Andreas and Kloeckner, Andreas and Scopatz, Anthony and Lee, Antony and Rokem, Ariel and Woods, C. Nathan and Fulton, Chad and Masson, Charles and H{\"{a}}ggstr{\"{o}}m, Christian and Fitzgerald, Clark and Nicholson, David A. and Hagen, David R. and Pasechnik, Dmitrii V. and Olivetti, Emanuele and Martin, Eric and Wieser, Eric and Silva, Fabrice and Lenders, Felix and Wilhelm, Florian and Young, G. and Price, Gavin A. and Ingold, Gert-Ludwig and Allen, Gregory E. and Lee, Gregory R. and Audren, Herv{\'{e}} and Probst, Irvin and Dietrich, J{\"{o}}rg P. and Silterra, Jacob and Webber, James T and Slavi{\v{c}}, Janko and Nothman, Joel and Buchner, Johannes and Kulick, Johannes and Sch{\"{o}}nberger, Johannes L. and de Miranda Cardoso, Jos{\'{e}} Vin{\'{i}}cius and Reimer, Joscha and Harrington, Joseph and Rodr{\'{i}}guez, Juan Luis Cano and Nunez-Iglesias, Juan and Kuczynski, Justin and Tritz, Kevin and Thoma, Martin and Newville, Matthew and K{\"{u}}mmerer, Matthias and Bolingbroke, Maximilian and Tartre, Michael and Pak, Mikhail and Smith, Nathaniel J. and Nowaczyk, Nikolai and Shebanov, Nikolay and Pavlyk, Oleksandr and Brodtkorb, Per A. and Lee, Perry and McGibbon, Robert T. and Feldbauer, Roman and Lewis, Sam and Tygier, Sam and Sievert, Scott and Vigna, Sebastiano and Peterson, Stefan and More, Surhud and Pudlik, Tadeusz and Oshima, Takuya and Pingel, Thomas J. and Robitaille, Thomas P. and Spura, Thomas and Jones, Thouis R. and Cera, Tim and Leslie, Tim and Zito, Tiziano and Krauss, Tom and Upadhyay, Utkarsh and Halchenko, Yaroslav O. and V{\'{a}}zquez-Baeza, Yoshiki},
  title     = {{SciPy} 1.0: Fundamental Algorithms for Scientific Computing In {Python}},
  doi       = {10.1038/s41592-019-0686-2},
  issn      = {1548-7105},
  number    = {3},
  pages     = {261--272},
  volume    = {17},
  journal   = {Nature Methods},
  publisher = {Springer Science and Business Media LLC},
  year      = {2020},
}
